<?xml version="1.0" encoding="UTF-8"?>
<record xmlns="http://www.loc.gov/MARC21/slim" xmlns:xsi="http://www.w3.org/2001/XMLSchema-instance" xsi:schemaLocation="http://www.loc.gov/MARC21/slim http://www.loc.gov/standards/marcxml/schema/MARC21slim.xsd">
<leader>00000cam a22     4i 4500</leader>
<controlfield tag="001">001678153</controlfield>
<controlfield tag="003">NNU</controlfield>
<controlfield tag="005">20150731175224.0</controlfield>
<controlfield tag="008">861205s1965    iq       b    000 0 arard</controlfield>
<datafield tag="010" ind1=" " ind2=" ">
<subfield code="a">ne 65002589</subfield>
</datafield>
<datafield tag="035" ind1=" " ind2=" ">
<subfield code="a">(OCoLC)14927796</subfield>
</datafield>
<datafield tag="040" ind1=" " ind2=" ">
<subfield code="a">WAU</subfield>
<subfield code="b">eng</subfield>
<subfield code="c">WAU</subfield>
<subfield code="d">OCL</subfield>
<subfield code="d">OCLCQ</subfield>
<subfield code="d">HIN</subfield>
<subfield code="d">IUL</subfield>
<subfield code="d">NYP</subfield>
<subfield code="d">OCLCQ</subfield>
<subfield code="d">OCLCF</subfield>
<subfield code="d">OCLCQ</subfield>
</datafield>
<datafield tag="043" ind1=" " ind2=" ">
<subfield code="a">a-iq---</subfield>
<subfield code="a">a-sy---</subfield>
</datafield>
<datafield tag="050" ind1=" " ind2="4">
<subfield code="a">DS76</subfield>
<subfield code="b">.R35 1965</subfield>
</datafield>
<datafield tag="100" ind1="1" ind2=" ">
<subfield code="6">880-01</subfield>
<subfield code="a">Rāwī, Thābit Ismāʻīl.</subfield>
</datafield>
<datafield tag="245" ind1="1" ind2="4">
<subfield code="6">880-02</subfield>
<subfield code="a">al-ʻIrāq fī al-ʻaṣr al-Umawī :</subfield>
<subfield code="b">min al-nāḥiyat al-siyāsīyah wa-al-idārīyah wa-al-ijtimāʻīyah /</subfield>
<subfield code="c">[taʼlīf] Thābit Ismāʻīl al-Rāwī.</subfield>
</datafield>
<datafield tag="246" ind1="1" ind2="4">
<subfield code="a">Iraq in the Umayyad period, political, social and adminisral [sic] aspects</subfield>
</datafield>
<datafield tag="250" ind1=" " ind2=" ">
<subfield code="6">880-03</subfield>
<subfield code="a">al-Ṭabʻah 1.</subfield>
</datafield>
<datafield tag="260" ind1=" " ind2=" ">
<subfield code="6">880-04</subfield>
<subfield code="a">Baghdād :</subfield>
<subfield code="b">Maktabat al-Nahḍah,</subfield>
<subfield code="c">1965.</subfield>
</datafield>
<datafield tag="300" ind1=" " ind2=" ">
<subfield code="a">288 pages ;</subfield>
<subfield code="c">24 cm</subfield>
</datafield>
<datafield tag="336" ind1=" " ind2=" ">
<subfield code="a">text</subfield>
<subfield code="b">txt</subfield>
<subfield code="2">rdacontent</subfield>
</datafield>
<datafield tag="337" ind1=" " ind2=" ">
<subfield code="a">unmediated</subfield>
<subfield code="b">n</subfield>
<subfield code="2">rdamedia</subfield>
</datafield>
<datafield tag="338" ind1=" " ind2=" ">
<subfield code="a">volume</subfield>
<subfield code="b">nc</subfield>
<subfield code="2">rdacarrier</subfield>
</datafield>
<datafield tag="504" ind1=" " ind2=" ">
<subfield code="a">Includes bibliographical references (pages 281-285).</subfield>
</datafield>
<datafield tag="651" ind1=" " ind2="0">
<subfield code="a">Iraq</subfield>
<subfield code="x">History.</subfield>
</datafield>
<datafield tag="651" ind1=" " ind2="7">
<subfield code="a">Iraq.</subfield>
<subfield code="2">fast</subfield>
<subfield code="0">(OCoLC)fst01205757</subfield>
</datafield>
<datafield tag="655" ind1=" " ind2="7">
<subfield code="a">History.</subfield>
<subfield code="2">fast</subfield>
<subfield code="0">(OCoLC)fst01411628</subfield>
</datafield>
<datafield tag="880" ind1="1" ind2=" ">
<subfield code="6">100-01/</subfield>
<subfield code="a">راوي، ثابت إسماعيل.</subfield>
</datafield>
<datafield tag="880" ind1="1" ind2="2">
<subfield code="6">245-02/</subfield>
<subfield code="a">العراق في العصر الاموي :</subfield>
<subfield code="b">من الناحية السياسية والادارية والاجتماعية /</subfield>
<subfield code="c">[تأليف] ثابت اسماعيل الراوي.</subfield>
</datafield>
<datafield tag="880" ind1=" " ind2=" ">
<subfield code="6">250-03/</subfield>
<subfield code="a">الطبعة 1.</subfield>
</datafield>
<datafield tag="880" ind1=" " ind2=" ">
<subfield code="6">260-04/</subfield>
<subfield code="a">بغداد :</subfield>
<subfield code="b">مكتبة النهضة،</subfield>
<subfield code="c">1965.</subfield>
</datafield>
<datafield tag="OWN" ind1=" " ind2=" ">
<subfield code="a">GENERAL</subfield>
</datafield>
<datafield tag="AVA" ind1=" " ind2=" ">
<subfield code="a">NYU50</subfield>
<subfield code="b">BOBST</subfield>
<subfield code="c">Main Collection</subfield>
<subfield code="d">DS76 .R35</subfield>
<subfield code="e">unavailable</subfield>
<subfield code="t">Unavailable</subfield>
<subfield code="f">1</subfield>
<subfield code="g">1</subfield>
<subfield code="h">N</subfield>
<subfield code="i">0</subfield>
<subfield code="j">MAIN</subfield>
<subfield code="k">0</subfield>
</datafield>
</record>
